@book{Seltman,
	Author = {Howard J. Seltman},
	Title = {Experimental Design and Analysis},
	Year = {2015}}
	
@book{McKinney,
	Author = {Wes McKinney},
	Title = {Python for Data Analysis},
	Isbn = {978-1-449-31979-3},
	Publisher = {O'Reilly Media Inc.},
	Year = {2012}}
	
@book{Bergel,
  Author = {Alexandre Bergel},
  Title = {Agile Visualization},
  Isbn = {9781365314094},
  Url = {http://AgileVisualization.com},
  Note = {Available at: \url{http://AgileVisualization.com}},
  Year = {2016},
  Publisher = {LULU Press}
}
	
@book{eStats,
    Author = {NIST/SEMATECH},
    Title = {e-Handbook of Statistical Methods},
    Note = {http://www.itl.nist.gov/div898/handbook/. \\Accessed: 2017-06-20}}
    
@book{Goldberg,
    Author = {Adele Goldberg and David Robson},
    Title = {{Smalltalk} 80: the Language and its Implementation},
	Address = {Reading, Mass.},
	Isbn = {0-201-13688-0},
	Month = may,
	Publisher = {Addison Wesley},
	Url = {http://stephane.ducasse.free.fr/FreeBooks/BlueBook/Bluebook.pdf},
	Year = {1983}
}


@article{wickham2011split,
  title={The split-apply-combine strategy for data analysis},
  author={Wickham, Hadley and others},
  journal={Journal of Statistical Software},
  volume={40},
  number={1},
  pages={1--29},
  year={2011}
}


@book{wolfram1999mathematica,
  title={The Mathematica},
  author={Wolfram, Stephen},
  year={1999},
  publisher={Cambridge University Press}
}

@inproceedings{meijer2006linq,
  title={Linq: reconciling object, relations and xml in the. net framework},
  author={Meijer, Erik and Beckman, Brian and Bierman, Gavin},
  booktitle={Proceedings of the 2006 ACM SIGMOD international conference on Management of data},
  pages={706--706},
  year={2006},
  organization={ACM}
}

@book{Duca17a,
	Abstract = {Pharo by Example, intended for both students and developers, will guide you gently through the Pharo language and environment by means of a series of examples and exercises. This book is made available under the Creative Commons Attribution-ShareAlike 3.0 license.},
	Annote = {book},
	Author = {S. Ducasse and D. Zagidulin and N. Hess and D. Cloupis ---  Originally written by A. Black and S. Ducasse and O. Nierstrasz and D. Pollet with D. Cassou and M. Denker},
	Inria = {RMOD},
	Isbn = {978-3-9523341-0-2},
	Keywords = {skipdoi kzSmalltalk},
	Publisher = {Square Bracket Associates},
	Title = {Pharo by Example 5},
	Url = {http://books.pharo.org},
  Year = {2017}}
  
@article{team2000r,
  title={R language definition},
  author={Team, R Core},
  journal={Vienna, Austria: R foundation for statistical computing},
  year={2000}
}

@misc{Fowler15,
	Howpublished = {\url{https://martinfowler.com/articles/collection-pipeline/}},
	Title = {Collection Pipeline},
	Url = {https://martinfowler.com/articles/collection-pipeline/},
    Year ={2015}
}

@inproceedings{black2003applying,
  title={Applying traits to the smalltalk collection classes},
  author={Black, Andrew P and Sch{\"a}rli, Nathanael and Ducasse, St{\'e}phane},
  booktitle={ACM SIGPLAN Notices},
  volume={38},
  number={11},
  pages={47--64},
  year={2003},
  organization={ACM}
}

@inproceedings{scharli2003traits,
  title={Traits: Composable units of behaviour},
  author={Sch{\"a}rli, Nathanael and Ducasse, St{\'e}phane and Nierstrasz, Oscar and Black, Andrew P},
  booktitle={European Conference on Object-Oriented Programming},
  pages={248--274},
  year={2003},
  organization={Springer}
}

@inproceedings{bourgois2010bloc,
  title={BLOC: a Trait-Based Collections Library--a Preliminary Experience Report},
  author={Bourgois, Tristan and Laval, Jannik and Ducasse, St{\'e}phane and Pollet, Damien},
  booktitle={International Workshop on Smalltalk Technologies},
  year={2010}
}

@inproceedings{Alcocer16,
 author = {Alcocer, Juan Pablo Sandoval and Denker, Marcus and Bergel, Alexandre and Acurana, Yasett},
 title = {Dynamically Composing Collection Operations Through Collection Promises},
 booktitle = {Proceedings of the 11th Edition of the International Workshop on Smalltalk Technologies},
 series = {IWST'16},
 year = {2016},
 isbn = {978-1-4503-4524-8},
 location = {Prague, Czech Republic},
 pages = {8:1--8:5},
 articleno = {8},
 numpages = {5},
 url = {http://doi.acm.org/10.1145/2991041.2991049},
 doi = {10.1145/2991041.2991049},
 acmid = {2991049},
 publisher = {ACM},
 address = {New York, NY, USA},
} 
